@article{Ciangottini:2024vtl,
  author      = {Ciangottini, D. and others},
  date        = {2024-04},
  eprint      = {2404.02100},
  eprintclass = {hep-ex},
  eprinttype  = {arXiv},
  title       = {{Analysis Facilities White Paper}},
}

@article{10.21468/SciPostPhysCodeb.27,
  author       = {Stark, Giordon and Ots, Camila Aristimuno and Hance, Mike},
  publisher    = {SciPost},
  url          = {https://scipost.org/10.21468/SciPostPhysCodeb.27},
  date         = {2024},
  doi          = {10.21468/SciPostPhysCodeb.27},
  eprint       = {2306.11055},
  eprintclass  = {hep-ex},
  journaltitle = {SciPost Phys. Codebases},
  pages        = {27},
  title        = {{Reduce, reuse, reinterpret: An end-to-end pipeline for recycling particle physics results}},
}

@article{ATLAS:2024qxh,
  author      = {Aad, Georges and others},
  date        = {2024-02},
  eprint      = {2402.08347},
  eprintclass = {hep-ex},
  eprinttype  = {arXiv},
  title       = {{A statistical combination of ATLAS Run 2 searches for charginos and neutralinos at the LHC}},
}

@article{ATLAS:2024fyl,
  author      = {Aad, Georges and others},
  url         = {https://doi.org/10.1007/JHEP05(2024)106},
  date        = {2024-02},
  doi         = {10.1007/JHEP05(2024)106},
  eprint      = {2402.01392},
  eprintclass = {hep-ex},
  eprinttype  = {arXiv},
  title       = {{ATLAS Run 2 searches for electroweak production of supersymmetric particles interpreted within the pMSSM}},
}

@article{ATLAS:2024tqe,
  author      = {Aad, Georges and others},
  date        = {2024-01},
  eprint      = {2401.14922},
  eprintclass = {hep-ex},
  eprinttype  = {arXiv},
  title       = {{Search for pair production of higgsinos in events with two Higgs bosons and missing transverse momentum in $\sqrt{s}=13$ TeV $pp$ collisions at the ATLAS experiment}},
}

@article{Accettura2023,
  author       = {Stark, Giordon Holtsberg and others},
  url          = {https://doi.org/10.1140/epjc/s10052-023-11889-x},
  date         = {2023-09-26},
  doi          = {10.1140/epjc/s10052-023-11889-x},
  eprint       = {2303.08533},
  eprintclass  = {hep-ex},
  issn         = {1434-6052},
  journaltitle = {The European Physical Journal C},
  number       = {9},
  pages        = {864},
  title        = {Towards a muon collider},
  volume       = {83},
}

@report{ATLAS-CONF-2023-055,
  institution = {CERN},
  location    = {Geneva},
  url         = {http://cds.cern.ch/record/2870222},
  date        = {2023},
  note        = {All figures including auxiliary figures are available at https://atlas.web.cern.ch/Atlas/GROUPS/PHYSICS/CONFNOTES/ATLAS-CONF-2023-055},
  title       = {{ATLAS Run 2 searches for electroweak production of supersymmetric particles interpreted within the pMSSM}},
  type        = {techreport},
}

@article{ATLAS:2022ihe,
  author       = {Aad, Georges and others},
  date         = {2023},
  doi          = {10.1140/epjc/s10052-023-11543-6},
  eprint       = {2211.08028},
  eprintclass  = {hep-ex},
  eprinttype   = {arXiv},
  journaltitle = {Eur. Phys. J. C},
  number       = {7},
  pages        = {561},
  title        = {{Search for supersymmetry in final states with missing transverse momentum and three or more b-jets in 139 fb$^{-1}$ of proton--{}proton collisions at $\sqrt{s} = 13$~TeV with the ATLAS detector}},
  volume       = {83},
}

@inproceedings{Bose:2022obr,
  author      = {Bose, Tulika and others},
  booktitle   = {{2022 Snowmass Summer Study}},
  date        = {2022-09},
  eprint      = {2209.13128},
  eprintclass = {hep-ph},
  eprinttype  = {arXiv},
  title       = {{Report of the Topical Group on Physics Beyond the Standard Model at Energy Frontier for Snowmass 2021}},
}

@article{Black:2022cth,
  author      = {Black, K. M. and others},
  date        = {2022-09},
  eprint      = {2209.01318},
  eprintclass = {hep-ex},
  eprinttype  = {arXiv},
  title       = {{Muon Collider Forum Report}},
}

@inproceedings{Assamagan:2022oka,
  author      = {Assamagan, K. A. and others},
  booktitle   = {{2022 Snowmass Summer Study}},
  date        = {2022-03},
  eprint      = {2203.08748},
  eprintclass = {physics.ed-ph},
  eprinttype  = {arXiv},
  title       = {{Accessibility in High Energy Physics: Lessons from the Snowmass Process}},
}

@article{Bailey:2022tdz,
  author      = {Bailey, Stephen and others},
  date        = {2022-03},
  eprint      = {2203.10057},
  eprintclass = {hep-ph},
  eprinttype  = {arXiv},
  title       = {{Data and Analysis Preservation, Recasting, and Reinterpretation}},
}

@inproceedings{Dasu:2022nux,
  author      = {Dasu, Sridhara and others},
  booktitle   = {{2022 Snowmass Summer Study}},
  date        = {2022-03},
  eprint      = {2203.07646},
  eprintclass = {hep-ex},
  eprinttype  = {arXiv},
  title       = {{Strategy for Understanding the Higgs Physics: The Cool Copper Collider}},
}

@booklet{ATL-PHYS-PUB-2022-017,
  author       = {{ATLAS Collaboration}},
  url          = {https://cds.cern.ch/record/2805991},
  date         = {2022-03},
  howpublished = {{ATL-PHYS-PUB-2022-017}},
  title        = {{SimpleAnalysis: Generator-level Analysis Framework}},
}

@inproceedings{jetsusbstructure2022snowmass,
  author      = {Stark, Giordon and others},
  date        = {2022},
  eprint      = {2203.07462},
  eprintclass = {hep-ph},
  eprinttype  = {arXiv},
  title       = {Jets and Jet Substructure at Future Colliders},
}

@booklet{ATL-PHYS-PUB-2021-038,
  author       = {{ATLAS Collaboration}},
  url          = {http://cdsweb.cern.ch/record/2782654},
  date         = {2021-09},
  howpublished = {{ATL-PHYS-PUB-2021-038}},
  title        = {{Implementation of simplified likelihoods in HistFactory for searches for supersymmetry}},
}

@article{10.21468/SciPostPhys.12.1.037,
  author       = {Cranmer, Kyle and others},
  publisher    = {SciPost},
  url          = {https://scipost.org/10.21468/SciPostPhys.12.1.037},
  date         = {2022},
  doi          = {10.21468/SciPostPhys.12.1.037},
  eprint       = {2109.04981},
  eprintclass  = {hep-ph},
  eprinttype   = {arXiv},
  issue        = {1},
  journaltitle = {SciPost Phys.},
  pages        = {37},
  title        = {{Publishing statistical models: Getting the most out of particle physics experiments}},
  volume       = {12},
}

@article{SUSY-2019-09,
  author      = {{ATLAS Collaboration}},
  date        = {2021},
  eprint      = {2106.01676},
  eprintclass = {hep-ex},
  eprinttype  = {arXiv},
  title       = {{Search for chargino--neutralino pair production in final states with three leptons and missing transverse momentum in $\sqrt{s} = 13\;\mbox{TeV}$ $pp$ collisions with the ATLAS detector}},
}

@article{pyhfCHEP2020,
  author       = {{Feickert, Matthew} and {Heinrich, Lukas} and {Stark, Giordon}},
  url          = {https://doi.org/10.1051/epjconf/202024506017},
  date         = {2020},
  doi          = {10.1051/epjconf/202024506017},
  journaltitle = {EPJ Web Conf.},
  pages        = {06017},
  title        = {Likelihood preservation and statistical reproduction of searches for new physics},
  volume       = {245},
}

@book{Stark2020,
  author    = {Stark, Giordon},
  publisher = {Springer International Publishing},
  url       = {https://doi.org/10.1007/978-3-030-34548-8},
  date      = {2020},
  doi       = {10.1007/978-3-030-34548-8},
  title     = {The Search for Supersymmetry in Hadronic Final States Using Boosted Object Reconstruction},
}

@article{Abdallah:2020pec,
  author      = {Abdallah, Waleed and others},
  date        = {2020},
  eprint      = {2003.07868},
  eprintclass = {hep-ph},
  eprinttype  = {arXiv},
  title       = {{Reinterpretation of LHC Results for New Physics: Status and Recommendations after Run 2}},
}

@report{ATL-PHYS-PUB-2019-029,
  institution = {CERN},
  location    = {Geneva},
  url         = {http://cds.cern.ch/record/2684863},
  date        = {2019-08},
  number      = {ATL-PHYS-PUB-2019-029},
  title       = {{Reproducing searches for new physics with the ATLAS experiment through publication of full statistical likelihoods}},
  type        = {techreport},
}

@article{SUSY-2016-10,
  author      = {{ATLAS Collaboration}},
  date        = {2017},
  eprint      = {1711.01901},
  eprintclass = {hep-ex},
  eprinttype  = {arXiv},
  title       = {{Search for Supersymmetry in final states with missing transverse momentum and multiple $b$-jets in proton--proton collisions at $\sqrt{s} = 13\;\mbox{TeV}$ with the ATLAS detector}},
}

@article{SUSY-2015-10,
  author       = {{ATLAS Collaboration}},
  date         = {2016},
  doi          = {10.1103/PhysRevD.94.032003},
  eprint       = {1605.09318},
  eprintclass  = {hep-ex},
  eprinttype   = {arXiv},
  journaltitle = {Phys. Rev. D},
  pages        = {032003},
  title        = {{Search for pair production of gluinos decaying via stop and sbottom in events with $b$-jets and large missing transverse momentum in $pp$ collisions at $\sqrt{s} = 13\;\mbox{TeV}$ with the ATLAS detector}},
  volume       = {94},
}

@booklet{Begel:2233958,
  author      = {{ATLAS Collaboration}},
  institution = {CERN},
  location    = {Geneva},
  url         = {https://cds.cern.ch/record/2233958},
  date        = {2016-11},
  number      = {ATL-COM-DAQ-2016-184},
  title       = {{Global Feature Extractor of the Level-1 Calorimeter Trigger: ATLAS TDAQ Phase-I Upgrade gFEX Final Design Report}},
}

@report{Tang:2104248,
  author      = {{ATLAS Collaboration}},
  institution = {CERN},
  location    = {Geneva},
  url         = {https://cds.cern.ch/record/2104248},
  date        = {2015-11},
  number      = {ATL-DAQ-PROC-2015-059},
  title       = {{gFEX, the ATLAS Calorimeter Level-1 Real Time Processor}},
  type        = {techreport},
}

@booklet{ATLAS-CONF-2017-081,
  author       = {{ATLAS Collaboration}},
  url          = {https://cds.cern.ch/record/2297400},
  date         = {2017},
  howpublished = {{ATLAS-CONF-2017-081}},
  title        = {{Search for pair production of higgsinos in final states with at least three $b$-tagged jets using the ATLAS detector in $\sqrt{s} = 13\;\mbox{TeV}$ $pp$ collisions}},
}

@booklet{ATLAS-CONF-2017-021,
  author       = {{ATLAS Collaboration}},
  url          = {https://cds.cern.ch/record/2258143},
  date         = {2017},
  howpublished = {{ATLAS-CONF-2017-021}},
  title        = {{Search for production of supersymmetric particles in final states with missing transverse momentum and multiple $b$-jets at $\sqrt{s} = 13\;\mbox{TeV}$ proton-proton collisions with the ATLAS detector}},
}

@booklet{ATLAS-CONF-2016-052,
  author       = {{ATLAS Collaboration}},
  url          = {https://cds.cern.ch/record/2206134},
  date         = {2016},
  howpublished = {{ATLAS-CONF-2016-052}},
  title        = {{Search for pair production of gluinos decaying via top or bottom squarks in events with $b$-jets and large missing transverse momentum in $pp$ collisions at $\sqrt{s} = 13\;\mbox{TeV}$ with the ATLAS detector}},
}

@booklet{ATLAS-CONF-2015-067,
  author       = {{ATLAS Collaboration}},
  url          = {https://cds.cern.ch/record/2114839},
  date         = {2015},
  howpublished = {{ATLAS-CONF-2015-067}},
  title        = {{Search for pair-production of gluinos decaying via stop and sbottom in events with $b$-jets and large missing transverse momentum in $\sqrt{s} = 13\;\mbox{TeV}$ $pp$ collisions with the ATLAS detector}},
}

@booklet{ATL-PHYS-PUB-2015-035,
  author       = {{ATLAS Collaboration}},
  url          = {https://cds.cern.ch/record/2042155},
  date         = {2015},
  howpublished = {{ATL-PHYS-PUB-2015-035}},
  title        = {{Expected Performance of Boosted Higgs ($\rightarrow b\bar{b}$) Boson Identification with the ATLAS Detector at $\sqrt{s} = 13\;\mbox{TeV}$}},
}

