@misc{ICPS2021,
  author = {Stark, Giordon},
  url    = {https://events.iaps.info/event/9/page/5-keynote-speakers},
  date   = {2021-08},
  note   = {A Keynote Speaker for the International Conference of Physics Students, 2021},
  title  = {PARTY CALL PHYSICS: when access and physics collide},
}

@misc{AwesomeFeb2020,
  author = {Stark, Giordon},
  url    = {https://indico.cern.ch/e/awesome},
  date   = {2020-02},
  note   = {One of the core instructors for the analysis preservation workshop at CERN},
  title  = {Analysis Preservation Bootcamp},
}

@misc{USATLASBootcamp2019,
  author = {Stark, Giordon},
  url    = {https://indico.cern.ch/event/816946/},
  date   = {2019-08},
  note   = {One of the core instructors for the USATLAS Software Bootcamp at LBNL},
  title  = {USATLAS/FIRST-HEP Computing Bootcamp},
}

@misc{DPF2019DnI,
  author = {Stark, Giordon},
  url    = {https://indico.cern.ch/event/782953/contributions/3454898/},
  date   = {2019-08},
  note   = {2019 Meeting of the Division of Particles \& Fields of the American Physical Society},
  title  = {PARTY CALL PHYSICS: when access and physics collide},
}

@misc{SUSY2019,
  author = {Stark, Giordon},
  url    = {https://cds.cern.ch/record/2675305},
  date   = {2019-05},
  note   = {XXVIIth International Conference on Supersymmetry and Unification of Fundamental Interactions (SUSY 2019)},
  title  = {SUSY in ATLAS Experiment},
}

@misc{ATLASInduction2018,
  author = {Stark, Giordon},
  url    = {https://indico.cern.ch/event/684668},
  date   = {2018-01},
  note   = {US ATLAS Induction Week, early 2018},
  title  = {Using GitLab for Analysis Code and Continuous Integration},
}

@misc{ATLASPnP2018Pileup,
  author = {Stark, Giordon},
  url    = {https://indico.cern.ch/event/698458/},
  date   = {2018-02},
  note   = {ATLAS P \& P Week, Topical Physics Plenary: Physics with high pile-up},
  title  = {Searches in High Pile-up Environment},
}

@misc{HFSF2017,
  author = {Stark, Giordon},
  url    = {https://indico.cern.ch/event/666007/},
  date   = {2017-12},
  note   = {Hadronic Final State Forum 2017},
  title  = {Forward jet shapes in high pile-up},
}

@misc{ATLASPnP2017GitLab,
  author = {Stark, Giordon},
  url    = {https://indico.cern.ch/event/681128/},
  date   = {2017-12},
  note   = {ATLAS P\&P Week with 120ifb: ASG Parallel Session},
  title  = {Using GitLab for Analysis Code Management},
}

@misc{USLUA2017,
  author = {Stark, Giordon},
  url    = {https://indico.fnal.gov/event/15068/},
  date   = {2017-11},
  note   = {US LHC Users Association Annual Meeting, 2017},
  title  = {Search for production of supersymmetric particles in final states with missing transverse momentum and multiple b-jets at s=$\sqrt{13}$~TeV proton-proton collisions with the ATLAS experiment},
}

@misc{ATLASWeekBratislava,
  author = {Stark, Giordon},
  url    = {https://indico.cern.ch/event/558932},
  date   = {2017-10},
  note   = {ATLAS Week (Bratislava)},
  title  = {Release 21 and 2017 data scrutiny --- final report},
}

@misc{HCW2017,
  author = {Stark, Giordon},
  url    = {https://indico.cern.ch/event/642438},
  date   = {2017-09},
  note   = {Hadronic Calibration Workshop 2017},
  title  = {L1Calo Simulation Effort for Run-2 Upgrades},
}

@misc{DPF2017SUSY,
  author = {Stark, Giordon},
  url    = {https://indico.fnal.gov/event/11999/session/10/contribution/191},
  date   = {2017-08},
  note   = {APS Division of Particles and Fields 2017},
  title  = {Search for production of supersymmetric particles in final states with missing transverse momentum and multiple b-jets at s=$\sqrt{13}$~TeV proton-proton collisions with the ATLAS experiment},
}

@misc{DPF2017gFEX,
  author = {Stark, Giordon},
  url    = {https://indico.fnal.gov/event/11999/session/21/contribution/192},
  date   = {2017-08},
  note   = {APS Division of Particles and Fields 2017},
  title  = {The Calorimeter Global Feature Extractor (gFEX) for the Phase-I Upgrade of the ATLAS experiment},
}

@misc{USATLAS2017BOOST,
  author = {Stark, Giordon},
  url    = {https://indico.cern.ch/event/631514/contributions/2670476/},
  date   = {2017-07},
  note   = {US ATLAS Workshop 2017},
  title  = {New techniques in Boosted Object Reconstruction},
}

@misc{USATLAS2017gFEX,
  author = {Stark, Giordon},
  url    = {https://indico.cern.ch/event/631514/contributions/2656535/},
  date   = {2017-07},
  note   = {US ATLAS Workshop 2017},
  title  = {The Calorimeter Global Feature Extractor (gFEX) for the Phase-I Upgrade of the ATLAS experiment},
}

@misc{USATLAS2017SUSY,
  author = {Stark, Giordon},
  url    = {https://indico.cern.ch/event/631514/contributions/2656482/},
  date   = {2017-07},
  note   = {US ATLAS Workshop 2017},
  title  = {Search for production of supersymmetric particles in final states with missing transverse momentum and multiple b-jets at s=$\sqrt{13}$~TeV proton-proton collisions with the ATLAS experiment},
}

@misc{HFSF2016,
  author = {Stark, Giordon},
  url    = {https://indico.cern.ch/event/565930/},
  date   = {2016-12},
  note   = {Hadronic Final State Forum 2016},
  title  = {gFEX jet calibration},
}

@misc{BOOST2016,
  author = {Stark, Giordon},
  url    = {https://indico.cern.ch/event/439039},
  date   = {2016-08},
  note   = {BOOST 2016},
  title  = {SUSY using boosted techniques at ATLAS},
}

@misc{HCW2016,
  author = {Stark, Giordon},
  url    = {https://indico.cern.ch/event/506093/},
  date   = {2016-09},
  note   = {Hadronic Calibration Workshop 2016},
  title  = {gFEX Online Object Kinematics and Preliminary Rates},
}

@misc{ATLASWeek2016gFEX,
  author = {Stark, Giordon},
  url    = {https://indico.cern.ch/event/544717/},
  date   = {2016-07},
  note   = {Poster Session ATLAS Week NYU},
  title  = {Boosted object hardware trigger development and testing for the upgrades of the ATLAS Experiment},
}

@misc{ATLASWeek2016SUSY,
  author = {Stark, Giordon},
  url    = {https://indico.cern.ch/event/544717/},
  date   = {2016-07},
  note   = {Poster Session ATLAS Week NYU},
  title  = {Search for gluinos in Run 2 using final states with boosted top quarks, b-jets and large missing energy with the ATLAS Detector},
}

@misc{HFSF2015,
  author = {Stark, Giordon},
  url    = {https://indico.cern.ch/event/437024/},
  date   = {2015-12},
  note   = {Hadronic Final State Forum 2015},
  title  = {Jets: An Origin Story about Origin-Correction},
}

@misc{YRS2015,
  author = {Stark, Giordon},
  url    = {https://www.bnl.gov/bnlyrs2015/index.php},
  date   = {2015-11},
  note   = {Young Researchers' Symposium at BNL},
  title  = {Boosted object hardware trigger development and testing for the Phase I upgrade of the ATLAS Experiment},
}

@misc{HCW2015SUSY,
  author = {Stark, Giordon},
  url    = {https://indico.cern.ch/event/368856/contributions/1785727/},
  date   = {2015-09},
  note   = {Hadronic Calibration Workshop 2015},
  title  = {Multi-b-jet top-tagging optimizations in boosted-0L region},
}

@misc{HCW2015gFEX,
  author = {Stark, Giordon},
  url    = {https://indico.cern.ch/event/368856/contributions/1785772/},
  date   = {2015-09},
  note   = {Hadronic Calibration Workshop 2015},
  title  = {gTowers as a proxy for subjets},
}

@misc{HCW2015Reclustering,
  author = {Stark, Giordon},
  url    = {https://indico.cern.ch/event/368856/contributions/1785890/},
  date   = {2015-09},
  note   = {Hadronic Calibration Workshop 2015},
  title  = {Jet Reclustering in a Single Bound},
}

@misc{HCW2015JSSU,
  author = {Stark, Giordon},
  url    = {https://indico.cern.ch/event/368856/contributions/1785785/},
  date   = {2015-09},
  note   = {Hadronic Calibration Workshop 2015},
  title  = {JetSubstructureUtils: Substructure Taggers, Subjet Finding, and Shower Deconstruction},
}

@misc{USATLAS2015,
  author = {Stark, Giordon},
  url    = {https://indico.cern.ch/event/388328},
  date   = {2015-06},
  note   = {US ATLAS Physics Workshop},
  title  = {Boosted object hardware trigger development and testing for the Phase I upgrade of the ATLAS Experiment},
}

@misc{APS2015,
  author = {Stark, Giordon},
  url    = {http://meetings.aps.org/Meeting/APR15/Session/C16.6},
  date   = {2015-04},
  note   = {APS April Meeting},
  title  = {Boosted object hardware trigger development and testing for the Phase I upgrade of the ATLAS Experiment},
}

@misc{USLUA2014,
  author = {Stark, Giordon},
  url    = {https://indico.hep.anl.gov/indico/conferenceDisplay.py?confId=410},
  date   = {2014-11},
  note   = {US LHC Users Association Annual Meeting 2014},
  title  = {The Global Feature Extraction (gFEX) module and its Physics Impact},
}

