@article{10.21468/SciPostPhysCodeb.27-r0.5,
  author       = {Stark, Giordon and Ots, Camila Aristimuno and Hance, Mike},
  publisher    = {SciPost},
  url          = {https://scipost.org/10.21468/SciPostPhysCodeb.27-r0.5},
  date         = {2024},
  doi          = {10.21468/SciPostPhysCodeb.27-r0.5},
  journaltitle = {SciPost Phys. Codebases},
  pages        = {27--r0.5},
  title        = {{Codebase release 0.5 for mapyde}},
}

@article{Feickert:2022Rb,
  author       = {Feickert, Matthew and Heinrich, Lukas and Stark, Giordon},
  date         = {2022},
  doi          = {10.22323/1.414.0245},
  journaltitle = {PoS},
  pages        = {245},
  title        = {{pyhf: a pure-Python implementation of HistFactory with tensors and automatic differentiation}},
  volume       = {ICHEP2022},
}

@article{pyhfFuncX,
  author       = {{Feickert, Matthew} and {Heinrich, Lukas} and {Stark, Giordon} and {Galewsky, Ben}},
  url          = {https://doi.org/10.1051/epjconf/202125102070},
  date         = {2021},
  doi          = {10.1051/epjconf/202125102070},
  journaltitle = {EPJ Web Conf.},
  pages        = {02070},
  title        = {Distributed statistical inference with pyhf enabled through funcX},
  volume       = {251},
}

@inproceedings{Malik:2021lgv,
  author      = {Malik, Sudhir and others},
  booktitle   = {{25th International Conference on Computing in High-Energy and Nuclear Physics}},
  date        = {2021-02},
  eprint      = {2103.00659},
  eprintclass = {hep-ex},
  eprinttype  = {arXiv},
  title       = {{Software Training in HEP}},
}

@article{Heinrich2021,
  author       = {Heinrich, Lukas and Feickert, Matthew and Stark, Giordon and Cranmer, Kyle},
  publisher    = {The Open Journal},
  url          = {https://doi.org/10.21105/joss.02823},
  date         = {2021},
  doi          = {10.21105/joss.02823},
  journaltitle = {Journal of Open Source Software},
  number       = {58},
  pages        = {2823},
  title        = {pyhf: pure-Python implementation of HistFactory statistical models},
  volume       = {6},
}

@misc{lukas_2019_3334365,
  author = {Stark, Giordon and Heinrich, Lukas and Feickert, Matthew},
  url    = {https://doi.org/10.5281/zenodo.3334365},
  date   = {2019-07},
  doi    = {10.5281/zenodo.3334365},
  title  = {diana-hep/pyhf: v0.1.2},
}

@article{Noel_Dawe_2017,
  author       = {Dawe, Edmund Noel and Ongmongkolkul, Piti and Stark, Giordon},
  publisher    = {The Open Journal},
  url          = {https://doi.org/10.21105%2Fjoss.00307},
  date         = {2017-08},
  doi          = {10.21105/joss.00307},
  journaltitle = {The Journal of Open Source Software},
  number       = {16},
  pages        = {307},
  title        = {root{\_}numpy: The interface between {ROOT} and {NumPy}},
  volume       = {2},
}

@software{giordon_stark_2020_3743307,
  author    = {Stark, Giordon and Milesi, Marco and Alison, John and Facini, Gabriel and Krizka, Karol and Dandoy, Jeffrey and Novak, Tadej and Bossio, Jonathan and Scutti, Federico and LeBlanc, Matthew and Schaefer, Leigh and Tuan, Brian and Feickert, Matthew and Kalderon, William and Tuna, Alexander and Muskinja, Miha and Olsson, Joakim and Jr, Lawrence Lee and Tong, Baojia and Park, Tao Hyoun and Swiatlowski, Maximilian and Lazovich, Tomo and Carlson, Benjamin and Doglioni, Caterina and Hankache, Robert and Frate, Meghan and Pascuzzi, Vincent and Sekula, Stephen and Newhouse, Robin and Perego, Marta and Toscani, Mariana and Henkelmann, Lars and McClymont, Laurie and Pachal, Katherina and Shimmin, Chase and Nelson, Christina and Amadio, Brian and Stanislaus, Beojan and Balunas, William and Hartman, Nicole and Roloff, Jennifer and Geisen, Jannik and Abbott, Dale and Ohm, Christian and Helling, Cole and Antel, Claire and Emerman, Alexander and Cukierman, Aviv and Coccaro, Andrea},
  publisher = {Zenodo},
  url       = {https://doi.org/10.5281/zenodo.3743307},
  date      = {2020-04},
  doi       = {10.5281/zenodo.3743307},
  title     = {xAODAnaHelpers, v1.0.0},
  version   = {v1.0.0},
}

